
@article{stellingwerf_stability_1978,
  title = {Stability of astrophysical gas flow. {I} - {Isothermal} accretion},
  volume = {221},
  issn = {0004-637X, 1538-4357},
  url = {http://adsabs.harvard.edu/doi/10.1086/156070},
  doi = {10.1086/156070},
  language = {en},
  urldate = {2022-08-10},
  journal = {ApJ},
  author = {Stellingwerf, R. F. and Buff, J.},
  month = apr,
  year = {1978},
  pages = {661},
}

@article{furuhashi_simulation_2006,
  title = {Simulation of an acoustic black hole in a {Laval} nozzle},
  volume = {23},
  issn = {0264-9381, 1361-6382},
  url = {https://iopscience.iop.org/article/10.1088/0264-9381/23/17/018},
  doi = {10.1088/0264-9381/23/17/018},
  language = {en},
  number = {17},
  urldate = {2022-08-10},
  journal = {Class. Quantum Grav.},
  author = {Furuhashi, Hironobu and Nambu, Yasusada and Saida, Hiromi},
  month = sep,
  year = {2006},
  pages = {5417--5438},
}

@article{litvak_rayleigh_2004,
  title = {Rayleigh instability in {Hall} thrusters},
  volume = {11},
  issn = {1070-664X, 1089-7674},
  url = {http://aip.scitation.org/doi/10.1063/1.1647565},
  doi = {10.1063/1.1647565},
  language = {en},
  number = {4},
  urldate = {2022-08-10},
  journal = {Physics of Plasmas},
  author = {Litvak, Andrei A. and Fisch, Nathaniel J.},
  month = apr,
  year = {2004},
  pages = {1379--1383},
}

@article{romadanov_structure_2016,
  title = {Structure of nonlocal gradient-drift instabilities in {Hall} {E} × {B} discharges},
  volume = {23},
  issn = {1070-664X, 1089-7674},
  url = {http://aip.scitation.org/doi/10.1063/1.4971816},
  doi = {10.1063/1.4971816},
  language = {en},
  number = {12},
  urldate = {2022-08-10},
  journal = {Physics of Plasmas},
  author = {Romadanov, Ivan and Smolyakov, Andrei and Raitses, Yevgeny and Kaganovich, Igor and Tian, Tang and Ryzhkov, Sergei},
  month = dec,
  year = {2016},
  pages = {122111},
}

@article{koshkarov_ion_2015,
  title = {Ion sound instability driven by the ion flows},
  volume = {22},
  issn = {1070-664X, 1089-7674},
  url = {http://scitation.aip.org/content/aip/journal/pop/22/5/10.1063/1.4921333
         },
  doi = {10.1063/1.4921333},
  language = {en},
  number = {5},
  urldate = {2022-08-10},
  journal = {Phys. Plasmas},
  author = {Koshkarov, O. and Smolyakov, A. I. and Kaganovich, I. D. and Ilgisonis, V. I.},
  month = may,
  year = {2015},
  pages = {052113},
}

@book{chen_introduction_2016,
  address = {Cham},
  title = {Introduction to {Plasma} {Physics} and {Controlled} {Fusion}},
  isbn = {978-3-319-22308-7 978-3-319-22309-4},
  url = {http://link.springer.com/10.1007/978-3-319-22309-4},
  language = {en},
  urldate = {2022-08-10},
  publisher = {Springer International Publishing},
  author = {Chen, F. F.},
  year = {2016},
  doi = {10.1007/978-3-319-22309-4},
}

@article{llobet_spectral_1990,
  title = {On spectral pollution},
  volume = {59},
  issn = {00104655},
  url = {https://linkinghub.elsevier.com/retrieve/pii/0010465590901706},
  doi = {10.1016/0010-4655(90)90170-6},
  language = {en},
  number = {2},
  urldate = {2022-08-10},
  journal = {Computer Physics Communications},
  author = {Llobet, X. and Appert, K. and Bondeson, et al, A.},
  month = jun,
  year = {1990},
  pages = {199--216},
}

@article{boulton_spectral_2016,
  title = {Spectral pollution and eigenvalue bounds},
  volume = {99},
  issn = {01689274},
  url = {https://linkinghub.elsevier.com/retrieve/pii/S0168927415001270},
  doi = {10.1016/j.apnum.2015.08.007},
  language = {en},
  urldate = {2022-08-10},
  journal = {Applied Numerical Mathematics},
  author = {Boulton, Lyonell},
  month = jan,
  year = {2016},
  pages = {1--23},
}

@article{jockers_stability_1968,
  title = {On the stability of the solar wind},
  volume = {3},
  issn = {0038-0938, 1573-093X},
  url = {http://link.springer.com/10.1007/BF00151941},
  doi = {10.1007/BF00151941},
  language = {en},
  number = {4},
  urldate = {2022-08-16},
  journal = {Sol Phys},
  author = {Jockers, Klaus},
  month = apr,
  year = {1968},
  pages = {603--610},
}

@article{aikawa_stability_1979,
  title = {The stability of spherically symmetric accretion flows},
  volume = {66},
  issn = {0004-640X, 1572-946X},
  url = {http://link.springer.com/10.1007/BF00650003},
  doi = {10.1007/BF00650003},
  language = {en},
  number = {2},
  urldate = {2022-08-16},
  journal = {Astrophys Space Sci},
  author = {Aikawa, T.},
  month = dec,
  year = {1979},
  pages = {277--285},
}

@article{bondi_spherically_1952,
  title = {On {Spherically} {Symmetrical} {Accretion}},
  volume = {112},
  issn = {0035-8711, 1365-2966},
  url = {https://academic.oup.com/mnras/article-lookup/doi/10.1093/mnras/112.2.195},
  doi = {10.1093/mnras/112.2.195},
  language = {en},
  number = {2},
  urldate = {2022-08-16},
  journal = {Monthly Notices of the Royal Astronomical Society},
  author = {Bondi, H.},
  month = apr,
  year = {1952},
  pages = {195--204},
}

@article{keto_stability_2020,
  title = {Stability and solution of the time-dependent {Bondi}–{Parker} flow},
  volume = {493},
  issn = {0035-8711, 1365-2966},
  url = {https://academic.oup.com/mnras/article/493/2/2834/5743434},
  doi = {10.1093/mnras/staa529},
  language = {en},
  number = {2},
  urldate = {2022-08-22},
  journal = {Monthly Notices of the Royal Astronomical Society},
  author = {Keto, E.},
  month = apr,
  year = {2020},
  pages = {2834--2840},
}

@article{cranmer_new_2004,
  title = {New views of the solar wind with the {Lambert} {W} function},
  volume = {72},
  issn = {0002-9505, 1943-2909},
  url = {http://aapt.scitation.org/doi/10.1119/1.1775242},
  doi = {10.1119/1.1775242},
  language = {en},
  number = {11},
  urldate = {2022-08-22},
  journal = {American Journal of Physics},
  author = {Cranmer, Steven R.},
  month = nov,
  year = {2004},
  pages = {1397--1403},
}

@article{smolyakov_quasineutral_2021,
  title = {On quasineutral plasma flow in the magnetic nozzle},
  volume = {28},
  issn = {1070-664X, 1089-7674},
  url = {https://aip.scitation.org/doi/10.1063/5.0050226},
  doi = {10.1063/5.0050226},
  language = {en},
  number = {6},
  urldate = {2022-09-29},
  journal = {Physics of Plasmas},
  author = {Smolyakov, A. I. and Sabo, A. and Yushmanov, et al, P.},
  month = jun,
  year = {2021},
  pages = {060701},
}

@book{trefethen_spectral_2000,
  title = {Spectral methods in MATLAB},
  language = {en},
  address = {Philadelphia, PA},
  author = {Trefethen, L. N.},
  keywords = {Differential equations Partial -- Numerical solutions -- Data processing; Spectral theory (Mathematics)},
  series = {Software, environments, tools},
  publisher = {Society for Industrial and Applied Mathematics},
  isbn = {0898714656},
  year = {2000},
}

@inproceedings{williams_fusion_2003,
  address = {Albuquerque, New Mexico (USA)},
  title = {Fusion {Propulsion} {Through} a {Magnetic} {Nozzle} and {Open} {Divertor}},
  volume = {654},
  url = {http://aip.scitation.org/doi/abs/10.1063/1.1541333},
  doi = {10.1063/1.1541333},
  language = {en},
  urldate = {2022-10-14},
  booktitle = {{AIP} {Conference} {Proceedings}},
  publisher = {AIP},
  author = {Williams, Craig H.},
  year = {2003},
  note = {ISSN: 0094243X},
  pages = {510--515},
}

@article{boswell_experimental_2004,
  title = {Experimental evidence of parametric decay processes in the variable specific impulse magnetoplasma rocket ({VASIMR}) helicon plasma source},
  volume = {11},
  issn = {1070-664X, 1089-7674},
  url = {http://aip.scitation.org/doi/10.1063/1.1803579},
  doi = {10.1063/1.1803579},
  language = {en},
  number = {11},
  urldate = {2022-10-14},
  journal = {Physics of Plasmas},
  author = {Boswell, R. W. and Sutherland, O. and Charles, C. and Squire, J. P. and Chang Díaz, F. R. and Glover, T. W. and Jacobson, V. T. and Chavers, D. G. and Bengtson, R. D. and Bering, E. A. and Goulding, R. H. and Light, M.},
  month = nov,
  year = {2004},
  pages = {5125--5129},
}

@article{andersen_continuous_1969,
  title = {Continuous {Supersonic} {Plasma} {Wind} {Tunnel}},
  volume = {12},
  issn = {00319171},
  url = {https://aip.scitation.org/doi/10.1063/1.1692519},
  doi = {10.1063/1.1692519},
  language = {en},
  number = {3},
  urldate = {2022-10-14},
  journal = {Phys. Fluids},
  author = {Andersen, S. A.},
  year = {1969},
  pages = {557},
}

@inproceedings{ryutov_divertor_2016,
  address = {Newport Beach, CA, USA},
  title = {Divertor for a linear fusion device},
  url = {http://aip.scitation.org/doi/abs/10.1063/1.4944029},
  doi = {10.1063/1.4944029},
  urldate = {2022-10-14},
  author = {Ryutov, D. D. and Yushmanov, P. N. and Barnes, et al, D. C.},
  year = {2016},
  pages = {060003},
}

@article{togo_characteristics_2019,
  title = {Characteristics of plasma flow profiles in a super-{X}-divertor-like configuration},
  volume = {19},
  issn = {23521791},
  url = {https://linkinghub.elsevier.com/retrieve/pii/S2352179118302631},
  doi = {10.1016/j.nme.2019.02.016},
  language = {en},
  urldate = {2022-10-14},
  journal = {Nuclear Materials and Energy},
  author = {Togo, Satoshi and Takizuka, Tomonori and Reiser, Dirk and Sakamoto, Mizuki and Ogawa, Yuichi and Ezumi, Naomichi and Ibano, Kenzo and Nojiri, Kunpei and Li, Yue and Nakashima, Yousuke},
  month = may,
  year = {2019},
  pages = {149--154},
}

@article{mazouffre_electric_2016,
  title = {Electric propulsion for satellites and spacecraft: established technologies and novel approaches},
  volume = {25},
  issn = {0963-0252, 1361-6595},
  shorttitle = {Electric propulsion for satellites and spacecraft},
  url = {https://iopscience.iop.org/article/10.1088/0963-0252/25/3/033002},
  doi = {10.1088/0963-0252/25/3/033002},
  number = {3},
  urldate = {2022-10-20},
  journal = {Plasma Sources Sci. Technol.},
  author = {Mazouffre, Stéphane},
  month = jun,
  year = {2016},
  pages = {033002},
}

@book{kreyszig_introductory_1978,
  address = {New York},
  title = {Introductory functional analysis with applications},
  isbn = {978-0-471-50731-4},
  language = {en},
  publisher = {Wiley},
  author = {Kreyszig, E.},
  year = {1978},
  keywords = {Functional analysis},
}

@misc{little_performance_2015,
  title = {Performance scaling of magnetic nozzles for electric propulsion},
  language = {eng},
  publisher = {ProQuest Dissertations Publishing},
  author = {Little, Justin M},
  year = {2015},
  note = {ISBN: 9781321565317},
  keywords = {Aerospace engineering, Plasma physics},
}

@article{ha_nonlinear_2011,
  title = {Nonlinear instability of the one-dimensional {Vlasov}-{Yukawa} system},
  volume = {52},
  issn = {0022-2488, 1089-7658},
  url = {http://aip.scitation.org/doi/10.1063/1.3559005},
  doi = {10.1063/1.3559005},
  language = {en},
  number = {3},
  urldate = {2022-10-25},
  journal = {Journal of Mathematical Physics},
  author = {Ha, S.-Y. and Ha, T. and Hwang, et al, C.-O.},
  month = mar,
  year = {2011},
  pages = {033301},
}

@book{burden_numerical_2016,
  title = {Numerical {Analysis}},
  language = {en},
  author = {Burden, Richard L and Faires, J Douglas and Burden, Annette M},
  year = {2016},
}

@article{kolman_b-spline_2017,
  title = {B-spline based finite element method in one-dimensional discontinuous elastic wave propagation},
  volume = {46},
  issn = {0307904X},
  url = {https://linkinghub.elsevier.com/retrieve/pii/S0307904X17300835},
  doi = {10.1016/j.apm.2017.01.077},
  language = {en},
  urldate = {2023-01-06},
  journal = {Applied Mathematical Modelling},
  author = {Kolman, R. and Okrouhlík, M. and Berezovski, A. and Gabriel, D. and Kopačka, J. and Plešek, J.},
  month = jun,
  year = {2017},
  pages = {382--395},
}

@article{da_rocha_black_2017,
  note = {[Online; accessed 2023-03-02]},
  author = {da Rocha, Rold{\~ a}o},
  journal = {The European Physical Journal C},
  number = {5},
  year = {2017},
  month = {5},
  pages = {355},
  title = {Black hole acoustics in the minimal geometric deformation of a de {Laval} nozzle},
  howpublished = {http://link.springer.com/10.1140/epjc/s10052-017-4926-2},
  volume = {77},
}

@article{kaganovich_2020_physics,
  author = {Kaganovich, I. D. and Smolyakov, A. and Raitses, et al, Y.},
  journal = {Physics of Plasmas},
  number = {12},
  year = {2020},
  month = {12},
  pages = {120601},
  publisher = {AIP Publishing},
  title = {Physics of {E} \textbf{\texttimes{}} {B} discharges relevant to plasma propulsion and similar technologies},
  volume = {27},
}

@article{unruh_sonic_1995,
  language = {eng},
  address = {United States},
  author = {Unruh, WG},
  issn = {0556-2821},
  journal = {Physical review. D, Particles and fields},
  pages = {2827--2838},
  volume = {51},
  number = {6},
  year = {1995},
  title = {Sonic analogue of black holes and the effects of high frequencies on
           black hole evaporation},
}

@article{velli_hydrodynamics_2001,
  author = {Velli, M.},
  journaltitle = {Astrophysics and Space Science},
  doi = {10.1023/a:1012237708634},
  issn = {0004-640X},
  number = {1/2},
  date = {2001},
  pages = {157--167},
  publisher = {{Springer Science and Business Media LLC}},
  title = {Hydrodynamics of the {Solar} {Wind} {Expansion}},
  url = {http://dx.doi.org/10.1023/A:1012237708634},
  volume = {277},
}

@article{velli_from_1994,
  author = {Velli, M.},
  journaltitle = {The Astrophysical Journal},
  shortjournal = {ApJ},
  doi = {10.1086/187510},
  issn = {0004-637X},
  date = {1994-09},
  language = {en},
  pages = {L55},
  publisher = {American Astronomical Society},
  title = {From supersonic winds to accretion: Comments on the stability of stellar winds and related flows},
  url = {http://dx.doi.org/10.1086/187510},
  volume = {432},
}

@article{del_dynamical_1998,
  author = {Del Zanna, L. and Velli, M. and Londrillo, P.},
  journal = {Astronomy \textup{\symbol{`\&}} Astrophysics},
  date = {1998-01},
  title = {Dynamical response of a stellar atmosphere to pressure perturbations: numerical simulations},
}

@article{grappin_acoustic_1997,
  author = {Grappin, R. and Cavillier, E. and Velli, M.},
  journal= {Astronomy \textup{\symbol{`\&}} Astrophysics},
  date = {1997-01},
  title = {Acoustic waves in isothermal winds in the vicinity of the sonic point},
}

@article{gaite_perturbations_2006,
  author = {Gaite, J.},
  journal = {Astronomy \textup{\symbol{`\&}} Astrophysics},
  doi = {10.1051/0004-6361:20054098},
  issn = {0004-6361},
  number = {3},
  date = {2006-03-24},
  pages = {861--868},
  publisher = {EDP Sciences},
  title = {Perturbations in the self-similar {Bondi} flow},
  url = {http://dx.doi.org/10.1051/0004-6361:20054098},
  volume = {449},
}

@article{theuns_spherically_1992,
  author = {Theuns, T. and David, M.},
  journal = {The Astrophysical Journal},
  doi = {10.1086/170901},
  issn = {0004-637X},
  date = {1992-01},
  language = {en},
  pages = {587},
  publisher = {American Astronomical Society},
  title = {Spherically symmetric, polytropic flow},
  url = {http://dx.doi.org/10.1086/170901},
  volume = {384},
}

@article{okuzumi_sakagami_quasinormal_2007,
  author = {Okuzumi, Satoshi and Sakagami, Masa-aki},
  journaltitle = {arXiv},
  doi = {10.48550/ARXIV.GR-QC/0703070},
  date = {2007},
  publisher = {arXiv},
  title = {Quasinormal ringing of acoustic black holes in {Laval} nozzles: Numerical simulations},
  url = {https://arxiv.org/abs/gr-qc/0703070},
  version = {3},
}

@article{cpep_physics,
  author = {},
  title = {Typical plasmas},
  journal={Contemporary Physics Education Project},
  url = {https://www.cpepphysics.org/elementor-1179/},
  note = {Accessed: March 26, 2024},
}

@book{ahmad_textbook_2015,
  author = {Ahmad, Shair. author},
  series = {UNITEXT, 88},
  edition = {Second Edition.},
  isbn = {9783319164083},
  date = {2015},
  keywords = {Mathematics; Differential equations; Applied mathematics; Engineering mathematics; Numerical analysis},
  language = {eng},
  title = {A {Textbook} on {Ordinary} {Differential} {Equations}},
}

@book{shen_tang_etal_spectral_2011,
  author = {Shen, J. and Tang, T. and Wang, L.-L.},
  booktitle = {Springer {Series} in {Computational} {Mathematics}},
  doi = {10.1007/978-3-540-71041-7},
  isbn = {9783540710400},
  issn = {0179-3632},
  date = {2011},
  publisher = {Springer Berlin Heidelberg},
  title = {Spectral {Methods}},
  url = {http://dx.doi.org/10.1007/978-3-540-71041-7},
}

@article{beck_spectral_2020,
  author = {Beck, M.},
  journaltitle = {Notices of the American Mathematical Society},
  shortjournal = {Notices Amer. Math. Soc.},
  doi = {10.1090/noti2070},
  issn = {0002-9920},
  number = {04},
  date = {2020-04-01},
  language = {en},
  pages = {1},
  publisher = {American Mathematical Society (AMS)},
  title = {Spectral {Stability} and {Spatial} {Dynamics} in {Partial} {
           Differential} {Equations}},
  url = {http://dx.doi.org/10.1090/noti2070},
  volume = {67},
}

